@article{miller2013adventures,
  title={Adventures in Automotive Networks and Control Units},
  author={Miller, Charlie and Valasek, Chris},
  journal={Last Accessed from h ttp://illmatics. com/car\_ hacking. pdf on},
  volume={13},
  year={2013}
}
@inbook{autosarlsa,
  title={AUTOSAR Layered software architecture},
  author={AUTOSAR},
  year={January 2013},
}
@inbook{canifspec,
  title={Specification of CAN Interface},
  author={AUTOSAR},
  year={January 2013},
}
@inbook{comstacktypesspec,
  title={Specification of Communication stack types},
  author={AUTOSAR},
  year={January 2013},
}
@inbook{pdurspec,
  title={Specification of PDU Router},
  author={AUTOSAR},
  year={January 2013},
}
@inbook{cddguide,
  title={Complex driver design and integration guideline},
  author={AUTOSAR},
  year={January 2013},
}
@inbook{comspec,
  title={Specification of PDU Router},
  author={AUTOSAR},
  year={January 2013},
}
@inbook{autosarvfb,
  title={Virtual Function Bus},
  author={AUTOSAR},
  year={January 2013},
}
@inbook{autosarswctemplate,
  title={Software Component Template},
  author={AUTOSAR},
  year={January 2013},
}
@inbook{canfdspec,
  title={CAN with Flexible Data-Rate},
  author={Bosch},
  year={January 2013},
}
@inproceedings{ziermann2009can+,
  title={CAN+: A new backward-compatible Controller Area Network (CAN) protocol with up to 16$\times$ higher data rates.},
  author={Ziermann, Tobias and Wildermann, Stefan and Teich, J{\"u}rgen},
  booktitle={Design, Automation \& Test in Europe Conference \& Exhibition, 2009. DATE'09.},
  pages={1088--1093},
  year={2009},
  organization={IEEE}
}
@inproceedings{van2011canauth,
  title={CANAuth-a simple, backward compatible broadcast authentication protocol for CAN bus},
  author={Van Herrewege, Anthony and Singelee, Dave and Verbauwhede, Ingrid},
  booktitle={ECRYPT Workshop on Lightweight Cryptography 2011},
  year={2011}
}

@conference{hartkopp12,
  author    = "Oliver Hartkopp and Roland Schilling",
  title     = "{MaCAN} -- Message Authenticated {CAN}",
  booktitle = "Escar Conference",
  year      = "2012",
  month     = "November",
  address   = "Berlin, Germany"
}
@ONLINE{vectorcan,
  author = "{Vector Informatik Gmbh.}",
  title = "Introduction to CAN",
  cited = "20.\,4.\,2014",
  year =         2014,
  url = "https://elearning.vector.com/vl_can_introduction_en.html"
}
@ONLINE{vectorautosar,
  author = "{Vector Informatik Gmbh.}",
  title = "Introduction to AUTOSAR",
  cited = "26.\,4.\,2014",
  year =         2014,
  url = "https://elearning.vector.com/vl_autosar_introduction_portal_en.html"
}
@ONLINE{autosarhome,
  author = "{AUTOSAR}",
  title = "AUTOSAR Home",
  cited = "26.\,4.\,2014",
  year =         2014,
  url = "http://www.autosar.org/index.php?p=0&up=0&uup=0&uuup=0"
}
@ONLINE{autosarbroch,
  author = "{AUTOSAR}",
  title = "AUTOSAR - The Worldwide Automotive Standard for E/E Systems",
  cited = "27.\,4.\,2014",
  year =         2014,
  url = "http://www.autosar.org/download/papersandpresentations/AUTOSAR_Brochure_EN.pdf"
}
AUTOSAR GbR. AUTOSAR - The Worldwide Automotive Stan-
dard for E/E Systems - EN. .
@article{dworkin2005sp,
  title={SP 800-38B. Recommendation for Block Cipher Modes of Operation: the CMAC Mode for Authentication},
  author={Dworkin, Morris J},
  year={2005},
  publisher={National Institute of Standards \& Technology}
}
@inbook{mikulka2013,
  title={Low-level software for automotive electronic control units},
  author={Leo≈° Mikulka},
  year={2013},
  publisher={Czech Technical University in Prague}
}
@article{schaad2002rfc,
  title={RFC 3394, Advanced Encryption Standard (AES) Key Wrap Algorithm},
  author={Schaad, Jim and Housley, Russ},
  journal={Internet Engineering Task Force},
  year={2002}
}
@misc{ wiki:can,
   author = "Wikipedia",
   title = "Can bus",
   year = "2014",
   url = "http://en.wikipedia.org/wiki/CAN_bus",
   note = "[Online; accessed 22-April-2014]"
 }
@inproceedings{wolf2004security,
  title={Security in automotive bus systems},
  author={Wolf, Marko and Weimerskirch, Andr{\'e} and Paar, Christof}
}
@inbook{macananalysis,
title = "Formal Security Analysis of the {MaCAN} Protocol.",
keywords = "protocol verification, embedded systems, Controller Area Network",
publisher = "Springer",
author = "Alessandro Bruni and Michal Sojka and Flemming Nielson and Nielson, {Hanne Riis}",
year = "2014",
doi = "10.1007/978-3-319-10181-1_15",
editor = "Elvira Albert and Emil Sekerinski",
isbn = "978-3-319-10180-4",
series = "Lecture Notes in Computer Science",
pages = "241-255",
booktitle = "Proceedings of the 11th International Conference on Integrated Formal Methods, IFM 2014",

}
